@inproceedings{dabhade2021extreme,
  author    = {Dabhade, A. and Roy, S. and Moustafa, M. S. and Mohamed, S. A. and El Gendy, R. and Barma, S.},
  title     = {Extreme Weather Event (Cyclone) Detection in India Using Advanced Deep Learning Techniques},
  booktitle = {2021 9th International Conference on Orange Technology (ICOT)},
  year      = {2021},
  address   = {Tainan, Taiwan},
  pages     = {1--4},
  doi       = {10.1109/ICOT54518.2021.9680663},
  url       = {https://doi.org/10.1109/ICOT54518.2021.9680663}
}

@article{hussain2024navigating,
  author    = {Hussain, S. and Hussain, E. and Saxena, P. and Sharma, A. and Thathola, P. and Sonwani, S.},
  title     = {Navigating the impact of climate change in India: a perspective on climate action (SDG13) and sustainable cities and communities (SDG11)},
  journal   = {Frontiers in Sustainable Cities},
  year      = {2024},
  volume    = {1},
  pages     = {1--22},
  month     = {Jan},
  url       = {https://research-ebsco-com.ezproxy.tru.ca/linkprocessor/plink?id=6c6991da-78bd-3062-a586-5a5d83ba7467},
  note      = {[cited 2024 Nov 29]}
}